% Encoding: UTF8

@article{parag2016electricity,
  title={Electricity market design for the prosumer era},
  author={Parag, Yael and Sovacool, Benjamin K},
  journal={Nature Energy},
  volume={1},
  number={4},
  pages={16032},
  year={2016},
  publisher={Nature Publishing Group}
}

@article{sorin2018consensus,
  title={Consensus-based approach to peer-to-peer electricity markets with product differentiation},
  author={Sorin, Etienne and Bobo, Lucien and Pinson, Pierre},
  journal={arXiv preprint arXiv:1804.03521},
  year={2018}
}

@misc{nakamoto2008bitcoin,
  title={Bitcoin: A peer-to-peer electronic cash system},
  author={Nakamoto, Satoshi},
  year={2008}
}
@inproceedings{vangulick2018blockchain,
  title={Blockchain for peer-to-peer energy exchanges: design and recommendations},
  author={Vangulick, David and Corn{\'e}lusse, Bertrand and Ernst, Damien},
  booktitle={Proceedings of the XX Power Systems Computation Conference (PSCC2018)},
  year={2018}
}
@inproceedings{vangulick2018voting,
  title={Blockchain for peer-to-peer energy exchanges: Probabilistic approach of Proof of Stake},
  author={Vangulick, David and Corn{\'e}lusse, Bertrand and Ernst, Damien},
  booktitle={Proceedings of the CIRED WORKSHOP (CIRED 2018)},
  year={2018}
}
@inproceedings{luu2016making,
  title={Making smart contracts smarter},
  author={Luu, Loi and Chu, Duc-Hiep and Olickel, Hrishi and Saxena, Prateek and Hobor, Aquinas},
  booktitle={Proceedings of the 2016 ACM SIGSAC Conference on Computer and Communications Security},
  pages={254--269},
  year={2016},
  organization={ACM}
}
@misc{RF2017,
  title={LOI 2017-227 du 24 f\'evrier 2017 ratifiant les ordonnances 2016-1019 du 27 juillet 2016 et 2016-1059 du 3 ao\^ut 2016},
  month={February},
  year={2017},
}
@misc{segwit,
title ={2x Called Off: Bitcoin Hard Fork Suspended for Lack of Consensus}
Author ={Hertig, Alyssa, CoinDesk  8 November 2017}
year ={2017}
}

@inproceedings{vangulick2017cloud,
  title={E-CLOUD, the open microgrid in existing network infrastructure},
  author={Vangulick, David and Corn{\'e}lusse, Bertrand and Vanherck, Thierry and Devolder, Olivier and Ernst, Damien},
  booktitle={Proceedings of the 24th International Conference on Electricity Distribution},
  year={2017}
}
@article{condorcet,
  title={Essais sur l'application de l'analyse {\`a} la probabilit{\'e} des d{\'e}cisions rendues {\`a} la pluralit{\'e} des voix},
  author={de Caritat Condorcet, Jean Antoine Nicolas},
  year={1785},
  publisher={Paris: De l'imprimerie royale}
}
@article{brams2002voting,
  title={Voting procedures},
  author={Brams, Steven J and Fishburn, Peter C},
  journal={Handbook of social choice and welfare},
  volume={1},
  pages={173--236},
  year={2002},
  publisher={Elsevier}
}
@article{arrow1951,
  title={Individual values and social choice},
  author={Arrow, Kenneth},
  journal={Nueva York: Wiley},
  volume={24},
  year={1951}
}
@article{borda,
  title={M{\'e}moire sur les {\'e}lections au scrutin},
  author={de Borda, Jean C},
  year={1781},
  publisher={Histoire de l$\backslash$'Academie Royale des Sciences}
}

@article{hoang2017strategy,
  title={Strategy-proofness of the randomized Condorcet voting system},
  author={Hoang, L{\^e} Nguy{\^e}n},
  journal={Social Choice and Welfare},
  volume={48},
  pages={679--701},
  year={2017},
  publisher={Springer}
}
@misc{EU2014,
  title={European Commission Directive 2014/32/EU},
  author={EU},
  month={March},
  year={2014},
  note={(Official Journal L 96, 29 March 2014)}
}
@misc{EUrfg,
  title={European Commission Regulation 2016/631/EU},
  author={EU},
  month={April},
  year={2016},
  note={(Official Journal L 112, 29 April 2016)}
}

@article{BCphilo,
author = {Swan, Melanie and de Filippi, Primavera},
year = {2017},
month = {10},
pages = {603-619},
title = {Toward a Philosophy of Blockchain: A Symposium: Introduction: INTRODUCTION},
volume = {48},
booktitle = {Metaphilosophy}
}

@inproceedings{mihaylov2014nrgcoin,
  title={NRGcoin: Virtual currency for trading of renewable energy in smart grids},
  author={Mihaylov, Mihail and Jurado, Sergio and Avellana, Narc{\'\i}s and Van Moffaert, Kristof and de Abril, Ildefons Magrans and Now{\'e}, Ann},
  booktitle={European Energy Market (EEM), 2014 11th International Conference on the},
  pages={1--6},
  year={2014},
  organization={IEEE}
}

@inproceedings{olivier2017foreseeing,
  title={Foreseeing New Control Challenges in Electricity Prosumer Communities},
  author={Olivier, Fr{\'e}d{\'e}ric and Marulli, Daniele and Ernst, Damien and Fonteneau, Rapha{\"e}l},
  booktitle={Proc. of the 10th Bulk Power Systems Dynamics and Control Symposium -- IREP 2017},
  year={2017}
}

@book{narayanan2016bitcoin,
  title={Bitcoin and Cryptocurrency Technologies: A Comprehensive Introduction},
  author={Narayanan, Arvind and Bonneau, Joseph and Felten, Edward and Miller, Andrew and Goldfeder, Steven},
  year={2016},
  publisher={Princeton University Press}
}

@article{iansiti2017truth,
  title={The Truth About Blockchain},
  author={Iansiti, Marco and Lakhani, Karim R},
  journal={Harvard Business Review},
  volume={95},
  number={1},
  pages={118--127},
  year={2017}
}

@inproceedings{merkle1980protocols,
  title={Protocols for public key cryptosystems},
  author={Merkle, Ralph C},
  booktitle={Security and Privacy, 1980 IEEE Symposium on},
  pages={122--122},
  year={1980},
  organization={IEEE}
}

@article{nakamoto2008re,
  title={Re: Bitcoin P2P e-cash paper},
  author={Nakamoto, Satoshi},
  journal={The Cryptography Mailing List},
  year={2008}
}

@article{jacobovitz2016blockchain,
  title={Blockchain for Identity Management},
  author={Jacobovitz, Ori},
  year={2016}
}

@article{prause2016residency,
  title={E-Residency: a business platform for Industry 4.0?},
  author={Prause, Gunnar and others},
  journal={Entrepreneurship and Sustainability Issues},
  volume={3},
  number={3},
  pages={216--227},
  year={2016},
  publisher={VsI Entrepreneurship and Sustainability Center}
}

@inproceedings{tian2016agri,
  title={An agri-food supply chain traceability system for China based on RFID \& blockchain technology},
  author={Tian, Feng},
  booktitle={Service Systems and Service Management (ICSSSM), 2016 13th International Conference on},
  pages={1--6},
  year={2016},
  organization={IEEE}
}

@inproceedings{shae2017design,
  title={On the Design of a Blockchain Platform for Clinical Trial and Precision Medicine},
  author={Shae, Zonyin and Tsai, Jeffrey JP},
  booktitle={Distributed Computing Systems (ICDCS), 2017 IEEE 37th International Conference on},
  pages={1972--1980},
  year={2017},
  organization={IEEE}
}

@article{li2014efficient,
  title={An efficient merkle-tree-based authentication scheme for smart grid},
  author={Li, Hongwei and Lu, Rongxing and Zhou, Liang and Yang, Bo and Shen, Xuemin},
  journal={IEEE Systems Journal},
  volume={8},
  number={2},
  pages={655--663},
  year={2014},
  publisher={IEEE}
}

@article{buterinproof,
  title={Proof of stake faq, 2016},
  author={Buterin, Vitalik},
  journal={URL https://github. com/ethereum/wiki/wiki/Proof-of-Stake-FAQ.[Online}
}

@inproceedings{bentov2016cryptocurrencies,
  title={Cryptocurrencies without proof of work},
  author={Bentov, Iddo and Gabizon, Ariel and Mizrahi, Alex},
  booktitle={International Conference on Financial Cryptography and Data Security},
  pages={142--157},
  year={2016},
  organization={Springer}
}

@article{bentov2014proof,
  title={Proof of Activity: Extending Bitcoin's Proof of Work via Proof of Stake [Extended Abstract] y},
  author={Bentov, Iddo and Lee, Charles and Mizrahi, Alex and Rosenfeld, Meni},
  journal={ACM SIGMETRICS Performance Evaluation Review},
  volume={42},
  number={3},
  pages={34--37},
  year={2014},
  publisher={ACM}
}

@article{popov2016probabilistic,
  title={A probabilistic analysis of the nxt forging algorithm},
  author={Popov, Serguei},
  journal={Ledger},
  volume={1},
  pages={69--83},
  year={2016}
}
